@misc{pakronics_2016,
	title={Adafruit Feather Board Comparison},
	url={http://blog.pakronics.com.au/adafruit-feather-board-comparison/},
	journal={Pakronics},
	year={2016},
	month={Jan}
} 

@misc{cell_wiki,
	title={Cell Site},
	url={https://en.wikipedia.org/wiki/Cell_site},
	year={2017},
	month={Nov}
}

@misc{hsw_cell,
	author = {Marshall Brain and Jeff Tyson and Julia Layton},
	title = {How Cell Phones Work},
	url = {https://electronics.howstuffworks.com/cell-phone.htm},
	year = {2000},
	month = {Nov},
	publisher = {HowStuffWorks.com},
	journal = {GitHub repository},
}

@misc{adafruit_rfm95,
	author = {lady ada},
	title = {Adafruit Feather 32u4 with LoRa Radio Module},
	url = {https://learn.adafruit.com/adafruit-feather-32u4-radio-with-lora-radio-module/using-the-rfm-9x-radio?view=all},
	year = {2016},
	month = {Apr},
	publisher = {Adafruit}
}

@misc{ladyada_pdf,
	author = {lady ada},
	title = {Adafruit Feather 32u4 with LoRa Radio Module},
	url = {https://cdn-learn.adafruit.com/downloads/pdf/adafruit-feather-32u4-radio-with-lora-radio-module.pdf},
	year = {2017},
	month = {Oct},
	publisher = {Adafruit}
}

@misc{speedguide,
	url = {https://www.speedguide.net/faq/what-is-the-actual-real-life-speed-of-wireless-374},
	title = {What is the actual real-life speed of wireless networks?},
	year = {2012},
	month = {Jul},
	publisher = {Speedguide.net}
}

@misc{rpi_bare,
	author = {charlieb000},
	title = {Bare SBC (no OS, just your program)},
	url = {https://www.raspberrypi.org/forums/viewtopic.php?f=56&t=35207},
	year = {2013},
	month = {Feb},
	publisher = {raspberrypi.org}
}

@misc{rpi_power,
	author = {Jeff Geerling},
	title = {Raspberry Pi Zero - Power Consumption Comparison},
	url = {https://www.jeffgeerling.com/blogs/jeff-geerling/raspberry-pi-zero-power},
	year = {2015},
	month = {Nov}
}

@misc{digikey_saml21,
	title = {SAM L21 Series Microcontrollers},
	url = {https://www.digikey.com/en/product-highlight/a/atmel/sam-l21-series-microcontrollers},
	year = {2016},
	month = {Jan},
	publisher = {digikey.com}
}

@misc{atmel_anecdote,
	title = {Rewind: 50 boards you'll want to know about from 2015},
	url = {https://atmelcorporation.wordpress.com/tag/sparkfun-sam-d21-breakout/},
	year = {2015},
	month = {Dec},
	publisher = {Wordpress}
}