@misc{global_agriculture,
    organization = {Global Agriculture},
    title = {Water},
    issue_date = {Dec 3, 2014},
    month = {dec},
    year = {2014},
    url = {http://www.globalagriculture.org/report-topics/water.html},
}

@article{x,
    author = {x f},
    title = {xd},
    issue_date = {Jan 1, 0001},
    month = {jan},
    year = {0001},
    url = {https://www.placeholderurl.com},
}