@article{example,
    author = {Exemplary Example},
    title = {Exmple Doc},
    issue_date = {Jan 1, 0001},
    month = {jan},
    year = {0001},
    url = {https://www.placeholderurl.com},
}