@misc{pakronics_2016,
title={Adafruit Feather Board Comparison},
url={http://blog.pakronics.com.au/adafruit-feather-board-comparison/},
journal={Pakronics},
year={2016},
month={Jan}}